 @article{Becke_2014, title={Perspective: Fifty years of density-functional theory in chemical physics}, volume={140}, ISSN={1089-7690}, url={http://dx.doi.org/10.1063/1.4869598}, DOI={10.1063/1.4869598}, number={18}, journal={The Journal of Chemical Physics}, publisher={AIP Publishing}, author={Becke, Axel D.}, year={2014}, month={May}, pages={18A301}}
 @article{Becke_1993, title={A new mixing of Hartreeâ€“Fock and local density-functional theories}, volume={98}, ISSN={0021-9606}, url={http://dx.doi.org/10.1063/1.464304}, DOI={10.1063/1.464304}, number={2}, journal={The Journal of Chemical Physics}, publisher={AIP Publishing}, author={Becke, Axel D.}, year={1993}, pages={1372}}


